@incollection{velazquez2010wearable,
  title={Wearable assistive devices for the blind},
  author={Vel{\'a}zquez, Ramiro},
  booktitle={Wearable and Autonomous Biomedical Devices and Systems for Smart Environment},
  pages={331--349},
  year={2010},
  publisher={Springer}
}

@misc{nielsen2008gesture,
  title={Gesture interfaces in HCI Beyond the GUI: Design for Haptic, Speech, Olfactory, and Other Nontraditional Interfaces. P. Kortum, ed},
  author={Nielsen, M and Moeslund, T and Storring, M and Granum, E},
  year={2008},
  publisher={Morgan Kaufmann}
}


@article{liu2004beyond,
  title={Beyond curve fitting to inferences about learning},
  author={Liu, Yeou-Teh and Mayer-Kress, Gottfried and Newell, Karl M},
  journal={Journal of Motor Behavior},
  volume={36},
  number={2},
  pages={233--238},
  year={2004},
  publisher={Heldref Publications}
}

@article{swift1903studies,
  title={Studies in the Psychology and Physiology of Learning},
  author={Swift, Edgar James},
  journal={The American Journal of Psychology},
  volume={14},
  number={2},
  pages={201--251},
  year={1903},
  publisher={JSTOR}
}

@Misc{whodata,
  author="WHO",
  year="2012",
  howpublished = "\url{http://www.who.int/mediacentre/factsheets/fs282/en/}",
  cited = {12.\,4.\,2013},
  title = {Visual impairment and blindness}
}

@Misc{whozakal,
  author="WHO",
  howpublished = "\url{http://www.who.int/blindness/causes/priority/en/index1.html}",
  title = {Prevention of Blindness and Vidusal Impairment}
}

@Misc{6dotbraille,
  author="6DotBraille.com",
  howpublished = "\url{http://6dotbraille.com/}",
  title = {LouisBraille: 6 dot Braille}
}

@Misc{perkins,
  author="Ralph Ranalli",
  howpublished = "\url{http://www.perkins.org/news-events/press/a-boost-for-braille.html}",
  title = {A boost for Braille}
}

@Misc{biblio,
  author="Brailcom",
  howpublished = "\url{https://biblio.brailcom.org/biblio/catalog?f=braille&q=}",
  title = {Digitální internetová Knihovna KTN - Catalog}
}

@Misc{mlp,
  author="MěstskáKnihovnavPraze",
  howpublished = "\url{http://search.mlp.cz/#/c_s_ol=}",
  title = {Výsledek vyhledávání}
}

@Misc{cataractsindia,
  author="HelpDeskIndia",
  howpublished = "\url{http://www.healthdeskindia.com/site/Treatments/Eye-Care/Cost-of-Cataracts-Surgery-in-India-best-Hospitals-and-eye-Surgeon}",
  title = {Cataract Eye Curgery in India}
}

@Misc{perkinsdisplays,
  author="Perkins",
  howpublished = "\url{https://secure2.convio.net/psb/site/Ecommerce?FOLDER=1120&store_id=1101&JServSessionIdr004=iyiu7zdoy1.app246a&__utma=184864936.426189431.1365936556.1365936556.1365936556.1&__utmb=184864936.1.10.1365936556&__utmc=184864936&__utmx=-&__utmz=184864936.1365936556.1.1.utmcsr=(direct)|utmccn=(direct)|utmcmd=(none)&__utmv=-&__utmk=164449855}",
  title = {Braille Displays}
}

@Misc{sonsklasifikace,
  author="SONS",
  howpublished = "\url{http://www.sons.cz/klasifikace.php}",
  title = {Klasifikace zrakového postižení podle WHO}
}


